2962 4890
203 421 245 483 22

203 595 242 660 de
266 593 360 661 Gelai
394 615 497 678 noque
528 616 568 661 ex
592 595 751 661 Athenaei
780 597 800 660 l.
828 595 901 661 xlv
927 600 1017 666 dela
1057 598 1095 664 dc
1131 599 1272 683 Carystii

202 702 307 763 aetate
341 698 517 782 quidquam
553 699 700 763 concludi
737 719 841 783 posse.
898 701 1006 765 Verba
1040 702 1126 767 enim
1150 702 1272 770 Suidae

202 797 375 883 σάγχρονος
398 797 699 883 Mancinique-nihil
734 803 823 868 aliud
857 804 1038 886 significare
1072 807 1135 871 nisi
1170 828 1272 872 novae

203 906 385 972 comoediae
409 911 547 989 poetam,
571 910 681 971 contra
698 906 858 974 Athenaei
882 909 989 973 locum
1011 909 1051 974 de
1076 910 1172 975 simili
1198 912 1273 976 stilo

204 1011 312 1092 potius
353 1009 630 1092 interpretandum
680 1029 752 1075 esse
792 1032 905 1094 quam-
930 1013 968 1078 de
1008 1012 1120 1078 eadem
1156 1019 1271 1080 aetate.

204 1111 391 1177 Tractemus
415 1112 505 1196 prius
529 1111 636 1178 locum
661 1112 792 1179 Suidae.
824 1113 868 1179 Ut
890 1117 1057 1181 confirmet
1080 1119 1272 1182 sententiam

203 1237 305 1295 suam,
329 1215 447 1281 Kaihel
476 1215 570 1281 affert
597 1217 744 1299 exempla
773 1218 937 1297 nonnulla,
972 1218 1151 1303 Diphilum,
1186 1219 1272 1304 Lyn-

203 1343 304 1399 ceum,
328 1320 549 1404 Posidippum.
595 1319 639 1385 Ut
655 1321 804 1386 exordiar
827 1321 867 1386 ab
890 1324 1016 1402 ultimo,
1040 1324 1078 1388 de
1095 1324 1271 1408 Posidippo

204 1425 284 1489 (licit
306 1424 399 1489 nohis
422 1423 506 1489 tradi
529 1444 601 1489 cum
627 1430 713 1489 certo
737 1426 842 1508 spatio
864 1433 1087 1509 postmortem
1105 1427 1272 1493 Menandri

203 1527 340 1610 primam
369 1526 513 1592 fabulam
538 1527 696 1593 docuisse.
742 1527 833 1604 Quod
869 1549 979 1594 verum
1011 1534 1069 1596 ost.
1115 1530 1272 1612 Legimus

204 1631 290 1714 apud
308 1629 441 1696 Suidam
460 1631 492 1694 in
505 1629 572 1694 vita
586 1628 766 1715 Posidippi:
784 1631 1019 1702 Ποσείδιππος·
1036 1630 1275 1713 Κασσανδρεάς,

203 1731 272 1825 υἱὸς
294 1733 463 1810 Κυνίσκου,
490 1733 580 1815 τρίτῳ
608 1728 669 1795 ἔτει
698 1730 778 1812 μετά
801 1731 836 1796 τὸ
858 1734 1042 1820 τελευτῆσαι
1064 1734 1118 1799 τὸν
1142 1739 1273 1801 Μέναν-

204 1837 280 1917 δρον
302 1833 432 1913 διδάξας
452 1836 528 1914 κτλ.,
562 1838 621 1903 sed
648 1837 736 1921 quid,
772 1858 900 1922 quaero,
934 1841 1058 1904 confert
1092 1841 1152 1905 hoc
1178 1843 1275 1907 testi-

204 1941 346 2005 monium
371 1940 410 2005 ad
435 1943 656 2024 quaestionem
681 1941 944 2008 diiudicandam?
985 1941 1072 2007 Num
1097 1943 1156 2008 hoc
1178 1946 1275 2010 testi·

203 2046 310 2109 monio
346 2044 557 2109 demonstrari
592 2050 700 2127 potest
734 2047 832 2110 verba
865 2039 1040 2126 σάγχρονος
1074 2042 1273 2128 Μενάνδρου
1308 2051 1313 2059 ’

202 2148 283 2213 nihil
321 2148 410 2213 aliud
448 2149 628 2229 significare
667 2149 729 2214 nisi
766 2169 867 2214 novae
901 2149 1083 2214 comoediae
1122 2151 1274 2233 poetam?

203 2251 324 2334 Lyncei
359 2257 411 2317 est
440 2252 524 2334 apud
552 2250 683 2318 Suidam
719 2253 797 2318 haec
827 2254 909 2317 vita:
947 2248 1103 2332 Λυγκεύς,
1140 2250 1275 2334 Σάμιος,

203 2350 427 2435 γραμματικός,
451 2351 661 2435 Θεοφράστου
685 2351 852 2436 γνώριμος,
878 2353 1020 2436 άδελφός
1042 2353 1197 2437 Δούριδος
1218 2359 1276 2420 τοῦ

204 2453 457 2540 ἱστοριογράφου,
489 2461 543 2519 τοῦ
575 2456 627 2520 καὶΙ
659 2455 914 2543 τυραννήσαντος
941 2456 1064 2540 Σάμου,
1100 2457 1275 2541 σάγχρονος

203 2556 238 2621 δι’
261 2565 387 2640 γέγονεν
410 2560 428 2624 ὁ
451 2560 596 2642 Λυγκεὺς
619 2558 814 2643 Μενάνδρου
846 2566 900 2623 τοῦ
926 2566 1076 2643 κωμικοῦ,
1114 2561 1166 2624 καὶ
1201 2559 1273 2626 άντ-

203 2664 386 2741 ειτεδείξατο
408 2664 588 2748 κωμῳδίας,
611 2664 663 2726 καὶ
681 2665 818 2748 ἐνίκησε,
839 2687 902 2750 qua
917 2687 957 2732 cx
972 2669 1039 2732 vita
1063 2668 1141 2732 satis
1158 2687 1273 2750 super·

203 2788 264 2850 que
287 2774 423 2853 apparet
447 2790 480 2834 re
505 2790 581 2834 vera
602 2771 702 2834 tuisse
718 2769 882 2853 Lynceum
901 2770 1068 2835 Menandri
1092 2771 1272 2854 aequalem,

203 2873 376 2955 praecipue
398 2873 485 2951 inde,
509 2873 595 2956 quod
618 2873 783 2938 contendit
805 2894 877 2937 cum
902 2893 939 2938 eo
965 2875 996 2937 in
1021 2893 1118 2939 scena
1138 2878 1170 2938 et
1192 2874 1273 2938 vicit

204 2996 289 3040 eruin.
347 2973 591 3040 Concedendum
630 2984 679 3040 est
716 2975 882 3057 Lynceum
921 2977 1133 3060 superstitem
1171 2978 1273 3042 fuisse

203 3076 381 3157 Menandri,
424 3099 498 3142 nam
538 3084 807 3144 connnemoratur
853 3081 892 3143 ah
932 3081 1098 3147 Athenaeo
1137 3081 1156 3144 l.
1195 3079 1272 3145 xlv

204 3204 233 3266 p.
259 3185 347 3247 6520
376 3182 517 3264 epistula
545 3183 615 3247 eius
646 3183 686 3246 ad
713 3183 922 3267 Posidippum
952 3184 1110 3248 comicum
1141 3184 1273 3266 scripta,

204 3306 298 3369 quem
323 3285 418 3350 modo
442 3285 582 3351 vidimus
610 3287 706 3350 tertio
736 3307 818 3350 anno
846 3292 920 3368 post
942 3286 1108 3351 Menandri
1137 3293 1274 3353 mortem

206 3392 343 3472 primam
371 3390 520 3456 docuisse
547 3390 699 3454 fabulam.
755 3388 926 3472 Superstes
961 3391 1033 3473 luit,
1071 3389 1127 3454 scd
1167 3399 1273 3455 nonne

204 3493 301 3558 etiam
336 3493 429 3557 homo
465 3495 598 3559 alterius
633 3500 797 3575 superstes
834 3493 978 3576 aequalis
1013 3493 1083 3558 eius
1115 3491 1275 3579 appellari

204 3599 320 3678 potest,
349 3597 519 3680 praecipue
544 3597 667 3661 sicum
693 3616 729 3661 eo
754 3597 786 3660 iu
812 3617 909 3661 scena
925 3595 1119 3661 contendit?
1160 3595 1276 3664 Restat

204 3698 367 3782 Diphilus,
392 3700 431 3765 de
454 3720 518 3782 quo
542 3699 697 3765 hahemus
720 3700 806 3783 apud
832 3702 1038 3784 Anonymum
1067 3695 1140 3780 περὶ
1160 3721 1276 3781 κωμῳ-

204 3802 273 3872 δίας
296 3804 389 3868 haec:
414 3803 550 3883 Δίφιλος
573 3801 741 3872 Σινωπεὺς
767 3801 844 3863 κατά
873 3800 927 3865 τὸν
950 3799 1046 3865 αὐτὸν
1069 3797 1187 3888 χρόνον
1211 3797 1276 3864 ἐδί-

204 3905 280 3982 δαξε
314 3902 495 3988 Μενάνδρῳ
524 3906 587 3969 κτλ.
639 3907 746 3971 Etiam
786 3908 834 3971 his
870 3909 987 3989 uerbis,
1026 3905 1174 3990 quamvis
1209 3906 1278 3970 sint

204 4010 355 4088 dilucida,
378 4010 459 4074 nihil
482 4010 571 4074 aliud
595 4016 702 4075 censet
727 4010 843 4074 Kaihel
868 4011 1044 4091 significari
1072 4010 1135 4074 nisi
1157 4008 1277 4093 Diphi-

204 4115 270 4176 lum
294 4114 394 4178 fuisse
417 4134 518 4178 norae
542 4113 729 4177 cornoediao
755 4119 894 4196 poetam,
920 4133 1115 4197 quamquam
1139 4133 1173 4178 re
1197 4132 1279 4178 vera
